@misc{Kjemi1910,
    author = {Gemini.no},
    howpublished = {\url{https://gemini.no/2023/03/kvinnelig-student-nth/}},
}

@misc{ntnu_studieavgift,
  title = {Studieavgift på NTNU},
  howpublished = {\url{https://www.ntnu.no/studier/studieavgift}},
  note = {Accessed: date-of-access},
  year = {2024}
}


@misc{Kjemi100,
    author = {NTNU Blogg},
    howpublished = {\url{https://blog.nt.ntnu.no/kjemi-ved-ntnu-gjennom-100-ar/}},
}

@misc{Praksis45,
    author = {Arne Asphjell},
    howpublished = {\url{https://www.ntnu.no/ntnu/old/du/1996/nr.2/sivinggraden.html}},
}

@misc{PraksisNTNU,
    author = {FORSKRIFT OM ARBEIDSLIVSERFARING FOR SIVILINGENIØRUTDANNINGEN VED NTNU},
    howpublished = {\url{https://i.ntnu.no/c/wiki/get_page_attachment?p_l_id=1307200529&nodeId=1306956301&title=Praksis+og+arbeidslivserfaring+under+studiet&fileName=Gjeldende_FUS-ARBEIDSLIVS-ERFARING-REGLEMENT-2020-OFFISIELL\%20(002).pdf}},
}

@misc{PHD,
    author = {Teknas etatsforening ved UiO},
    howpublished = {\url{https://foreninger.uio.no/tekna/faq/qa_stipendiat_startlonn.html}},
}

@misc{Hege,
    author = {Studieveileder Hege Johannessen},
}

@misc{MTKJ-MTMT,
    author = {PORTEFØLJEPROSESS NV 2023 Arbeidsgruppe for MTKJ og MTMT},
    month = "9",
    year = "2023",
}

@misc{phd_salary_academiainsider,
  title = {PhD student salary – How much cash will you get?},
  author = {},
  howpublished = {\url{https://academiainsider.com/phd-student-salary-how-much-cash-will-you-get/}},
}

@misc{abakus_utmatrikuleringsundersokelse,
  title = {Utmatrikuleringsundersøkelse},
  author = {Abakus},
  howpublished = {\url{https://abakus.no/pages/generelt/116-utmatrikuleringsundersokelse}},
}

@misc{e24_talentfabrikkene,
  title = {Talentfabrikkene: Slik vurderer de sine ansatte},
  author = {},
  howpublished = {\url{https://e24.no/karriere-og-ledelse/i/abRlod/talentfabrikkene-slik-vurderer-de-sine-ansatte}},
  year = {2024},
  note = {Accessed: date-of-access}
}

@misc{dn_nyutdannede_konsulenter,
  title = {Her tjener nyutdannede konsulenter flere hundre tusen mer enn i de fire store},
  author = {},
  howpublished = {\url{https://www.dn.no/arbeidsliv/her-tjener-nyutdannede-konsulenter-flere-hundre-tusen-mer-enn-i-de-fire-store/2-1-1501380}},
}

@misc{dn_nyutdannede_konsulenter_2024,
  title = {Dette tjener nyutdannede konsulenter i Norges største konsulentselskaper},
  author = {},
  howpublished = {\url{https://www.dn.no/arbeidsliv/dette-tjener-nyutdannede-konsulenter-i-norges-storste-konsulentselskaper/2-1-1491515}},
  year = {2024},
  note = {Accessed: date-of-access}
}

@misc{e24_partner_big4,
  title = {Full oversikt: Dette tjente 790 partnere i EY, PwC, KPMG, Deloitte og BDO i 2022},
  author = {},
  howpublished = {\url{https://e24.no/naeringsliv/i/2Baroa/full-oversikt-dette-tjente-790-partnere-i-ey-pwc-kpmg-deloitte-og-bdo-i-2022}},
}

@misc{e24_consulting_partner_mbb,
  title = {Dette tjente partnerne i McKinsey, BCG og Bain i 2022},
  author = {},
  howpublished = {\url{https://e24.no/karriere-og-ledelse/i/BWaO6Q/dette-tjente-partnerne-i-mckinsey-bcg-og-bain-i-2022}},
  year = {2022},
  note = {Accessed: date-of-access}
}

@misc{emil_diplom_2023,
  title = {Diplom 2023},
  author = {},
  howpublished = {\url{https://www.emilweb.no/diplom2023/}},
}

@misc{hc_ntnu_diplom_2022,
  title = {Diplom 2022},
  author = {},
  howpublished = {\url{https://hc.ntnu.no/bedrift/diplom/2022/}},
}

@misc{bindeleddet_documents_archive,
  title = {Documents Archive},
  author = {},
  howpublished = {\url{https://www.bindeleddet.no/documents/archive}},
}

@misc{underdusken_tjora_karrieredagen,
  title = {Så lenge det er lovlig, er det greit},
  author = {Aksel Tjora},
  howpublished = {\url{https://www.underdusken.no/aksel-tjora-gloshaugen-karrieredagen/sa-lenge-det-er-lovlig-er-det-greit/316075}},
  year = {2024},
  note = {Accessed: date-of-access}
}

@misc{bm_dagen_2023,
  title = {BM-dagen 2023},
  howpublished = {\url{https://web.archive.org/web/20230610144954/https://www.bmdagen.org/event-details/bm-dagen-2023}},
  year = {2023},
  note = {Accessed: date-of-access}
}


@misc{ntnu_bridge_career_days,
  title = {Karrieredager},
  author = {NTNU Bridge},
  howpublished = {\url{https://www.ntnu.no/bridge/bridge/career-days?query=}},
}

@article{Tonnessen2023,
  author = {Eva Tønnessen},
  title = {Knusende rapport om midlertidighet ved universiteter og høgskoler},
  journal = {Khrono},
  year = {2023},
  url = {https://www.khrono.no/knusende-rapport-om-midlertidighet-ved-universiteter-og-hogskoler/766252},
  note = {Accessed: 2024-02-10}
}

@online{UXNorge2023,
  author = {Kaja Storrøsten},
  title = {Kutter ikke studenter og nyutdannede},
  year = {2023},
  url = {https://uxnorge.no/kutter-ikke-studenter-og-nyutdannede/},
  urldate = {2024-02-10}
}
